
@misc{wsc,
    title     = "Bridgestone World Solar Challenge",
    url       = {https://worldsolarchallenge.org/}
}


@misc{teensy,
    title     = "Teensy microcontroller",
    url       = {https://www.pjrc.com/teensy/}
}


@misc{ACAN,
    title     = "ACAN library documentation",
    url       = {https://github.com/pierremolinaro/acan}
}

@misc{RF24,
    title     = "RF24 library documentation",
    url       = {https://github.com/nRF24/RF24}
}

@misc{shockburst,
    title     = "nRF24 transmission protocol",
    url       = {https://lastminuteengineers.com/nrf24l01-arduino-wireless-communication/}
}